<?xml version="1.0" encoding="UTF-8"?>
<record xmlns="http://www.loc.gov/MARC21/slim" xmlns:xsi="http://www.w3.org/2001/XMLSchema-instance" xsi:schemaLocation="http://www.loc.gov/MARC21/slim http://www.loc.gov/standards/marcxml/schema/MARC21slim.xsd">
<leader>00000cam a22      a 4500</leader>
<controlfield tag="001">001682470</controlfield>
<controlfield tag="003">NNU</controlfield>
<controlfield tag="005">20160229162233.0</controlfield>
<controlfield tag="008">940829m18931905le a     b    000 0 ara</controlfield>
<datafield tag="010" ind1=" " ind2=" ">
<subfield code="a">   78238037</subfield>
</datafield>
<datafield tag="035" ind1=" " ind2=" ">
<subfield code="a">(OCoLC)31026514</subfield>
</datafield>
<datafield tag="040" ind1=" " ind2=" ">
<subfield code="a">DLC</subfield>
<subfield code="b">eng</subfield>
<subfield code="c">CUY</subfield>
<subfield code="d">OSU</subfield>
<subfield code="d">ZCU</subfield>
<subfield code="d">MEAUC</subfield>
<subfield code="d">OCLCF</subfield>
<subfield code="d">OCLCQ</subfield>
<subfield code="d">OCLCO</subfield>
<subfield code="d">OCL</subfield>
</datafield>
<datafield tag="043" ind1=" " ind2=" ">
<subfield code="a">a-sy---</subfield>
</datafield>
<datafield tag="050" ind1="0" ind2="0">
<subfield code="a">DS95</subfield>
<subfield code="b">.D52</subfield>
</datafield>
<datafield tag="100" ind1="1" ind2=" ">
<subfield code="6">880-01</subfield>
<subfield code="a">Dibs, Yūsuf ibn Ilyās,</subfield>
<subfield code="d">1833-1907.</subfield>
</datafield>
<datafield tag="240" ind1="1" ind2="0">
<subfield code="6">880-02</subfield>
<subfield code="a">Tārīkh Sūrīyah</subfield>
</datafield>
<datafield tag="245" ind1="1" ind2="0">
<subfield code="6">880-03</subfield>
<subfield code="a">Kitāb tārīkh Sūrīyah /</subfield>
<subfield code="c">li-Yūsuf al-Dibs.</subfield>
</datafield>
<datafield tag="246" ind1="1" ind2=" ">
<subfield code="6">880-04</subfield>
<subfield code="i">Vols. 3-4 have title:</subfield>
<subfield code="a">Min tārk̄h Sūrīyah al-dunyawī wa-al-dīnī</subfield>
</datafield>
<datafield tag="260" ind1=" " ind2=" ">
<subfield code="6">880-05</subfield>
<subfield code="a">Bayrūt :</subfield>
<subfield code="b">al-Maṭbaʻah al-ʻUmūmīyah al-Kāthūlīkīyah,</subfield>
<subfield code="c">1893-1905. [reprint 2009]</subfield>
</datafield>
<datafield tag="300" ind1=" " ind2=" ">
<subfield code="a">8 volumes :</subfield>
<subfield code="b">illustrations ;</subfield>
<subfield code="c">27 cm</subfield>
</datafield>
<datafield tag="336" ind1=" " ind2=" ">
<subfield code="a">text</subfield>
<subfield code="b">txt</subfield>
<subfield code="2">rdacontent</subfield>
</datafield>
<datafield tag="337" ind1=" " ind2=" ">
<subfield code="a">unmediated</subfield>
<subfield code="b">n</subfield>
<subfield code="2">rdamedia</subfield>
</datafield>
<datafield tag="338" ind1=" " ind2=" ">
<subfield code="a">volume</subfield>
<subfield code="b">nc</subfield>
<subfield code="2">rdacarrier</subfield>
</datafield>
<datafield tag="500" ind1=" " ind2=" ">
<subfield code="a">Text in Arabic, cover and added title page in English.</subfield>
</datafield>
<datafield tag="504" ind1=" " ind2=" ">
<subfield code="a">Includes bibliographical references.</subfield>
</datafield>
<datafield tag="505" ind1="0" ind2=" ">
<subfield code="6">880-06</subfield>
<subfield code="a">juzʼ 1., mujallad 1-2. Tārīkh shuʻūb Sūrīyah al-qudamāʼ.--juzʼ 2., mujallad 3. Ilá ākhir al-qarn al-thānī al-mīlādī. mujallad 4. Ilá fatḥ al-Khulafāʼ al-Rāshidīn fī al-qarn al-sābiʻ.--juzʼ 3., mujallad 5. Ilá nihāyat al-qarn al-ḥādī ʻashar. mujallad 6. Ilá awāʼil al-qarn al-sādis ʻashar.--juzʼ 4., mujallad 7-8. Ayyām al-Sālṭ̄īn al-ʻUthmāniyīn.</subfield>
</datafield>
<datafield tag="651" ind1=" " ind2="0">
<subfield code="a">Syria</subfield>
<subfield code="x">History.</subfield>
</datafield>
<datafield tag="651" ind1=" " ind2="0">
<subfield code="a">Syria</subfield>
<subfield code="x">Politics and government.</subfield>
</datafield>
<datafield tag="651" ind1=" " ind2="0">
<subfield code="a">Syria</subfield>
<subfield code="x">Religion.</subfield>
</datafield>
<datafield tag="650" ind1=" " ind2="7">
<subfield code="a">Politics and government.</subfield>
<subfield code="2">fast</subfield>
<subfield code="0">(OCoLC)fst01919741</subfield>
</datafield>
<datafield tag="650" ind1=" " ind2="7">
<subfield code="a">Religion.</subfield>
<subfield code="2">fast</subfield>
<subfield code="0">(OCoLC)fst01093763</subfield>
</datafield>
<datafield tag="651" ind1=" " ind2="7">
<subfield code="a">Syria.</subfield>
<subfield code="2">fast</subfield>
<subfield code="0">(OCoLC)fst01208757</subfield>
</datafield>
<datafield tag="655" ind1=" " ind2="7">
<subfield code="a">History.</subfield>
<subfield code="2">fast</subfield>
<subfield code="0">(OCoLC)fst01411628</subfield>
</datafield>
<datafield tag="776" ind1="0" ind2="8">
<subfield code="i">Online version:</subfield>
<subfield code="a">Dibs, Yūsuf, 1833-1907.</subfield>
<subfield code="s">Tārīkh Sūrīyah.</subfield>
<subfield code="t">Kitāb tārīkh Sūrīyah.</subfield>
<subfield code="d">Bayrūt : al-Maṭbaʻah al-Kāthūlīkīyah, 1893-1905</subfield>
<subfield code="w">(OCoLC)700340053</subfield>
</datafield>
<datafield tag="880" ind1="1" ind2=" ">
<subfield code="6">100-01/</subfield>
<subfield code="a">دبس، يوسف بن الياس،,</subfield>
<subfield code="d">1833-1907.</subfield>
</datafield>
<datafield tag="880" ind1="1" ind2="0">
<subfield code="6">240-02/</subfield>
<subfield code="a">تاريخ سورية</subfield>
</datafield>
<datafield tag="880" ind1="1" ind2="0">
<subfield code="6">245-03/</subfield>
<subfield code="a">‏كتاب تاريخ سورية /‏</subfield>
<subfield code="c">‏ليوسف الدبس.</subfield>
</datafield>
<datafield tag="880" ind1="3" ind2=" ">
<subfield code="6">246-04/</subfield>
<subfield code="a">من تارخ سورية الدنيوي والديني</subfield>
</datafield>
<datafield tag="880" ind1=" " ind2=" ">
<subfield code="6">260-05/</subfield>
<subfield code="a">بيروت :</subfield>
<subfield code="b">المطبعة العمومية الكاثوليكية،</subfield>
<subfield code="c">1893-1907.</subfield>
</datafield>
<datafield tag="880" ind1="0" ind2=" ">
<subfield code="6">505-06/</subfield>
<subfield code="a">جزء 1.، مجلد 1-2. تاريخ شعوب سورية القدماء.--جزء 2.، مجلد 3. الى آخر القرن الثاني الميلادي. مجلد 4. الى فتح الخلفاء الراشدين في القرن السابع.--جزء 3.، مجلد 5. الى نهاية القرن الحادي عشر. مجلد 6. الى اوائل القرن السادس عشر.--جزء 4.، مجلد 7-8. ايام السالطين العثمانيين.</subfield>
</datafield>
<datafield tag="OWN" ind1=" " ind2=" ">
<subfield code="a">GENERAL</subfield>
</datafield>
<datafield tag="AVA" ind1=" " ind2=" ">
<subfield code="a">NYU50</subfield>
<subfield code="b">BOBST</subfield>
<subfield code="c">Main Collection</subfield>
<subfield code="d">DS95 .D5</subfield>
<subfield code="e">unavailable</subfield>
<subfield code="t">Unavailable</subfield>
<subfield code="f">2</subfield>
<subfield code="g">2</subfield>
<subfield code="h">Y</subfield>
<subfield code="i">0</subfield>
<subfield code="j">MAIN</subfield>
<subfield code="k">0</subfield>
</datafield>
</record>
